<?xml version="1.0" encoding="UTF-8"?><record xmlns="http://www.loc.gov/MARC21/slim" xmlns:cinclude="http://apache.org/cocoon/include/1.0" xmlns:zs="http://www.loc.gov/zing/srw/">
  <leader>00297nz  a2200121n  4500</leader>
  <controlfield tag="001">no 93007849 </controlfield>
  <controlfield tag="003">DLC</controlfield>
  <controlfield tag="005">19930327102357.6</controlfield>
  <controlfield tag="008">930319n| acannaab|          |n aaa     c</controlfield>
  <datafield tag="010" ind1=" " ind2=" ">
    <subfield code="a">no 93007849 </subfield>
  </datafield>
  <datafield tag="040" ind1=" " ind2=" ">
    <subfield code="a">InU</subfield>
    <subfield code="c">InU</subfield>
  </datafield>
  <datafield tag="100" ind1="1" ind2="0">
    <subfield code="a">Almanov, Ă.</subfield>
  </datafield>
  <datafield tag="670" ind1=" " ind2=" ">
    <subfield code="a">Aĭtys, 1988:</subfield>
    <subfield code="b">v. 1, verso t.p. (Ă. Almanov)</subfield>
  </datafield>
</record>